<?xml version="1.0" encoding="UTF-8"?><record xmlns="http://www.loc.gov/MARC21/slim" xmlns:cinclude="http://apache.org/cocoon/include/1.0" xmlns:zs="http://www.loc.gov/zing/srw/">
  <leader>00935cz  a2200157n  4500</leader>
  <controlfield tag="001">no2007156850</controlfield>
  <controlfield tag="003">DLC</controlfield>
  <controlfield tag="005">20160209142257.0</controlfield>
  <controlfield tag="008">071219n| azannaabn          |n aaa     c</controlfield>
  <datafield tag="010" ind1=" " ind2=" ">
    <subfield code="a">no2007156850</subfield>
  </datafield>
  <datafield tag="035" ind1=" " ind2=" ">
    <subfield code="a">(OCoLC)oca07612801</subfield>
  </datafield>
  <datafield tag="040" ind1=" " ind2=" ">
    <subfield code="a">ICU</subfield>
    <subfield code="b">eng</subfield>
    <subfield code="e">rda</subfield>
    <subfield code="c">ICU</subfield>
    <subfield code="d">DLC</subfield>
  </datafield>
  <datafield tag="100" ind1="1" ind2=" ">
    <subfield code="a">Bakke, Gretchen Anna</subfield>
  </datafield>
  <datafield tag="670" ind1=" " ind2=" ">
    <subfield code="a">Contemporary Slovene art and artifice, 2007:</subfield>
    <subfield code="b">(Gretchen A. Bakke)</subfield>
  </datafield>
  <datafield tag="670" ind1=" " ind2=" ">
    <subfield code="a">ICU database (19 Dec. 2007):</subfield>
    <subfield code="b">(Gretchen Anna Bakke)</subfield>
  </datafield>
  <datafield tag="670" ind1=" " ind2=" ">
    <subfield code="a">The grid, 2016:</subfield>
    <subfield code="b">ECIP t.p. (Gretchen Bakke) galley (holds a Ph.D. from the University of Chicago in Cultural Anthropology. She has done research on several failing nations, including the Soviet Union, the former Yugoslavia, and Cuba. She is a former fellow in Wesleyan University's Science in Society Program and currently an Assistant Professor of Anthropology at McGill University. Born in Portland, Oregon, Bakke lives in Montreal, and calls D.C. home when she's in the U.S.)</subfield>
  </datafield>
</record>